<?xml version="1.0" encoding="UTF-8"?><collection xmlns="http://www.loc.gov/MARC21/slim"><record><leader>00380nam--2200157-i-4500</leader><controlfield tag="001">000043278</controlfield><controlfield tag="002">20161230</controlfield><controlfield tag="005">20170103164014</controlfield><controlfield tag="008">060222s1000------------r-----000-0-eng-d</controlfield><datafield ind1=" " ind2=" " tag="080"><subfield code="a">530.11</subfield></datafield><datafield ind1=" " ind2=" " tag="100"><subfield code="a">Swartz, Clifford E</subfield></datafield><datafield ind1=" " ind2=" " tag="245"><subfield code="a">Phenomenal physics</subfield></datafield><datafield ind1=" " ind2=" " tag="260"><subfield code="a">New York</subfield><subfield code="b">John Wiley And Sons</subfield><subfield code="c">1981</subfield></datafield><datafield ind1=" " ind2=" " tag="300"><subfield code="a">X + 741 p</subfield></datafield><datafield ind1=" " ind2=" " tag="852"><subfield code="a">70108</subfield></datafield><datafield ind1=" " ind2=" " tag="CAT"><subfield code="a">SYS</subfield><subfield code="c">20170103</subfield><subfield code="h">164014</subfield></datafield></record></collection>